<record><leader>00000cas a22000007a 4500</leader><controlfield tag="001">10387224</controlfield><controlfield tag="008">840208d1845185upauwr ne      0    0eng d</controlfield><controlfield tag="009">3781</controlfield><datafield ind1=" " ind2=" " tag="010"><subfield code="a">sn 84026242 </subfield><subfield code="z">sn 85054646 </subfield></datafield><datafield ind1=" " ind2=" " tag="040"><subfield code="a">NPU</subfield><subfield code="b">eng</subfield><subfield code="c">NPU</subfield><subfield code="d">OCL</subfield><subfield code="d">NPH</subfield><subfield code="d">DLC</subfield><subfield code="d">NPH</subfield><subfield code="d">OCLCQ</subfield></datafield><datafield ind1=" " ind2=" " tag="019"><subfield code="a">12158449</subfield></datafield><datafield ind1="1" ind2=" " tag="029"><subfield code="a">AU@</subfield><subfield code="b">000025841055</subfield></datafield><datafield ind1=" " ind2=" " tag="042"><subfield code="a">msc</subfield></datafield><datafield ind1="0" ind2="0" tag="050"><subfield code="a">Newspaper 9591</subfield></datafield><datafield ind1="0" ind2="0" tag="245"><subfield code="a">Iron City and weekly chronicle.</subfield></datafield><datafield ind1="3" ind2="0" tag="246"><subfield code="a">Iron City</subfield></datafield><datafield ind1=" " ind2=" " tag="260"><subfield code="a">Pittsburgh [Pa.] :</subfield><subfield code="b">Whitney, Dumars &amp; Wright,</subfield><subfield code="c">1845-</subfield></datafield><datafield ind1=" " ind2=" " tag="300"><subfield code="a">v. ;</subfield><subfield code="c">59-67 cm.</subfield></datafield><datafield ind1=" " ind2=" " tag="310"><subfield code="a">Weekly</subfield></datafield><datafield ind1="0" ind2=" " tag="362"><subfield code="a">Vol. 6, no. 16 (Apr. 9, 1845)-</subfield></datafield><datafield ind1=" " ind2=" " tag="500"><subfield code="a">"An independent family paper, devoted to news, literature, arts, manufacturers, agriculture, and the markets."</subfield></datafield><datafield ind1=" " ind2=" " tag="500"><subfield code="a">Title appears within logo, &lt;Jan. 14, 1852&gt;.</subfield></datafield><datafield ind1=" " ind2=" " tag="500"><subfield code="a">Publisher: Jas. P. Barr &amp; Co., &lt;Oct. 31, 1849&gt;.</subfield></datafield><datafield ind1=" " ind2=" " tag="752"><subfield code="a">United States</subfield><subfield code="b">Pennsylvania</subfield><subfield code="c">Allegheny</subfield><subfield code="d">Pittsburgh.</subfield></datafield><datafield ind1="0" ind2="0" tag="780"><subfield code="t">Iron City and Pittsburgh Saturday morning chronicle</subfield><subfield code="w">(DLC)sn 85054647</subfield></datafield><datafield ind1="0" ind2="0" tag="785"><subfield code="t">Saturday evening chronicle (Pittsburgh, Pa.)</subfield><subfield code="w">(DLC)sn 89077883</subfield></datafield></record>